<collection xmlns="http://www.loc.gov/MARC21/slim">
<record>
  <leader>01480nam0a22003011i 450 </leader>
  <controlfield tag="001">IT\ICCU\CNCE\047403</controlfield>
  <controlfield tag="005">20080306000000.0</controlfield>
  <datafield tag="012" ind1=" " ind2=" ">
    <subfield code="a">e-pi ason l.u* INEX (C) 1515 (R)</subfield>
    <subfield code="2">fei</subfield>
  </datafield>
  <datafield tag="100" ind1=" " ind2=" ">
    <subfield code="a">19990222d1515        0itac0103    ba</subfield>
  </datafield>
  <datafield tag="101" ind1=" " ind2=" ">
    <subfield code="a">LAT</subfield>
  </datafield>
  <datafield tag="102" ind1=" " ind2=" ">
    <subfield code="a">IT</subfield>
  </datafield>
  <datafield tag="200" ind1="1" ind2=" ">
    <subfield code="a">Quaestiones in utroque iure per Nicolaum Picolomineum de Saenis ... ad disputationem proposite</subfield>
  </datafield>
  <datafield tag="210" ind1=" " ind2=" ">
    <subfield code="e">Impressum Saenis</subfield>
    <subfield code="g">per Simeonem Nicolai de Saenis</subfield>
    <subfield code="h">1515 die uero XXVIII. mensis Augusti</subfield>
  </datafield>
  <datafield tag="215" ind1=" " ind2=" ">
    <subfield code="a">\68! c.</subfield>
    <subfield code="c">ill.</subfield>
    <subfield code="d">fol</subfield>
  </datafield>
  <datafield tag="620" ind1=" " ind2=" ">
    <subfield code="a">IT</subfield>
    <subfield code="d">Siena</subfield>
  </datafield>
  <datafield tag="700" ind1=" " ind2="1">
    <subfield code="a">Piccolomini,</subfield>
    <subfield code="b"></subfield>
    <subfield code="3">IT\ICCU\CNCA\012633</subfield>
  </datafield>
  <datafield tag="712" ind1="0" ind2="0">
    <subfield code="a">Nardi, Simone</subfield>
    <subfield code="3">IT\ICCU\CNCT\000795</subfield>
    <subfield code="4">650</subfield>
  </datafield>
  <datafield tag="790" ind1=" " ind2="1">
    <subfield code="a">Piccolomineus,</subfield>
    <subfield code="b">Nicolaus : de</subfield>
    <subfield code="3">IT\ICCU\CNCA\021932</subfield>
    <subfield code="z"></subfield>
  </datafield>
  <datafield tag="791" ind1="0" ind2="2">
    <subfield code="a">Simeon Rubeus</subfield>
    <subfield code="3">IT\ICCU\CNCT\002405</subfield>
    <subfield code="z">Nardi, Simone</subfield>
  </datafield>
  <datafield tag="791" ind1="0" ind2="2">
    <subfield code="a">Simeon Nicolai</subfield>
    <subfield code="3">IT\ICCU\CNCT\002406</subfield>
    <subfield code="z">Nardi, Simone</subfield>
  </datafield>
  <datafield tag="791" ind1="0" ind2="2">
    <subfield code="a">Symione di Niccholo cartolaio</subfield>
    <subfield code="3">IT\ICCU\CNCT\002407</subfield>
    <subfield code="z">Nardi, Simone</subfield>
  </datafield>
  <datafield tag="791" ind1="0" ind2="2">
    <subfield code="a">Simione di Niccolo</subfield>
    <subfield code="3">IT\ICCU\CNCT\005103</subfield>
    <subfield code="z">Nardi, Simone</subfield>
  </datafield>
  <datafield tag="801" ind1=" " ind2="3">
    <subfield code="a">IT</subfield>
    <subfield code="b">ICCU</subfield>
    <subfield code="c">20201115</subfield>
  </datafield>
  <datafield tag="899" ind1=" " ind2=" ">
    <subfield code="a">Biblioteca nazionale centrale. Roma</subfield>
    <subfield code="1">RM0267</subfield>
    <subfield code="2">BVE CR</subfield>
  </datafield>
  <datafield tag="899" ind1=" " ind2=" ">
    <subfield code="a">Biblioteca statale del Monumento nazionale S. Scolastica. Subiaco</subfield>
    <subfield code="1">RM0602</subfield>
    <subfield code="2">BVE SU</subfield>
  </datafield>
  <datafield tag="899" ind1=" " ind2=" ">
    <subfield code="a">Biblioteca comunale degli Intronati. Siena</subfield>
    <subfield code="1">SI0046</subfield>
    <subfield code="2">RT1 QI</subfield>
  </datafield>
  <datafield tag="911" ind1=" " ind2=" ">
    <subfield code="a">In fine</subfield>
    <subfield code="9">IT\ICCU\CNCM\000789</subfield>
  </datafield>
  <datafield tag="921" ind1=" " ind2=" ">
    <subfield code="a">IT\ICCU\CNCM\000789</subfield>
    <subfield code="b">Lupa, cavalcata da bambino che tiene un&apos;asta, allatta altro bambino.</subfield>
    <subfield code="e">Libertas</subfield>
    <subfield code="c">A65</subfield>
    <subfield code="c">V242</subfield>
    <subfield code="c">Z1082</subfield>
    <subfield code="f">LUPA</subfield>
    <subfield code="f">LIBERTAS</subfield>
    <subfield code="g">1513-1526</subfield>
  </datafield>
</record>
</collection>
